<?xml version = "1.0" encoding = "UTF-8"?><record>
  <leader>00919nam#a2200265#c#4500</leader>
  <controlfield tag="005">20210408103813.0</controlfield>
  <controlfield tag="007">tu</controlfield>
  <controlfield tag="008">960817|1991####xx############|||#|#####c</controlfield>
  <controlfield tag="003">DE-605</controlfield>
  <controlfield tag="001">990111565780206441</controlfield>
  <datafield tag="035" ind1=" " ind2=" ">
    <subfield code="a">(DE-605)BT000110055</subfield>
  </datafield>
  <datafield tag="040" ind1=" " ind2=" ">
    <subfield code="a">HBZ/NWBibOff</subfield>
    <subfield code="b">ger</subfield>
    <subfield code="d">HBZ/NWBibAlt</subfield>
    <subfield code="e">rakwb</subfield>
  </datafield>
  <datafield tag="084" ind1=" " ind2=" ">
    <subfield code="a">Kall</subfield>
    <subfield code="0">https://nwbib.de/spatial#Q240887</subfield>
    <subfield code="2">nwbib</subfield>
  </datafield>
  <datafield tag="084" ind1=" " ind2=" ">
    <subfield code="a">Landesbeschreibungen</subfield>
    <subfield code="0">https://nwbib.de/subjects#N102000</subfield>
    <subfield code="2">nwbib</subfield>
  </datafield>
  <datafield tag="084" ind1=" " ind2=" ">
    <subfield code="a">Umweltschutz</subfield>
    <subfield code="0">https://nwbib.de/subjects#N582000</subfield>
    <subfield code="2">nwbib</subfield>
  </datafield>
  <datafield tag="245" ind1="0" ind2="0">
    <subfield code="a">Kall im Naturpark Nordeifel</subfield>
    <subfield code="b">wir sch&#252;tzen unsere Umwelt</subfield>
    <subfield code="c">[hrsg. in Zsarb. mit d. Kommune].</subfield>
  </datafield>
  <datafield tag="264" ind1=" " ind2="1">
    <subfield code="a">Kissing</subfield>
    <subfield code="b">WEKA, Informationsschr.- u. Werbefachverl.</subfield>
    <subfield code="c">1991</subfield>
  </datafield>
  <datafield tag="300" ind1=" " ind2=" ">
    <subfield code="a">28 S.</subfield>
  </datafield>
  <datafield tag="500" ind1=" " ind2=" ">
    <subfield code="a">Nicht im Sortimentsbuchh.</subfield>
    <subfield code="9">F:501</subfield>
  </datafield>
  <datafield tag="689" ind1="0" ind2="0">
    <subfield code="a">Umweltschutz</subfield>
    <subfield code="a">Kall</subfield>
  </datafield>
  <datafield tag="710" ind1="2" ind2=" ">
    <subfield code="a">Kall</subfield>
    <subfield code="4">oth</subfield>
  </datafield>
  <datafield tag="960" ind1="1" ind2=" ">
    <subfield code="n">NWBib</subfield>
  </datafield>
  <datafield tag="964" ind1="0" ind2="s">
    <subfield code="F">030</subfield>
    <subfield code="A">a|1uc||||||37</subfield>
  </datafield>
  <datafield tag="964" ind1="0" ind2="s">
    <subfield code="F">050</subfield>
    <subfield code="A">a|||||||||||||</subfield>
  </datafield>
  <datafield tag="964" ind1="0" ind2="s">
    <subfield code="F">051</subfield>
    <subfield code="A">m|||||||</subfield>
  </datafield>
  <datafield tag="MBD" ind1=" " ind2=" ">
    <subfield code="M">49HBZ_NETWORK</subfield>
    <subfield code="i">990111565780206441</subfield>
    <subfield code="n">HBZ Network</subfield>
  </datafield>
  <datafield tag="MNG" ind1=" " ind2=" ">
    <subfield code="c">System</subfield>
    <subfield code="f">ILS</subfield>
    <subfield code="i">marc21</subfield>
    <subfield code="k">01</subfield>
    <subfield code="e">false</subfield>
    <subfield code="d">2021-04-08 10:38:13 Europe/Berlin</subfield>
    <subfield code="g">011156578-HBZ01</subfield>
    <subfield code="j">60</subfield>
    <subfield code="a">import</subfield>
    <subfield code="b">2021-04-05 08:45:23 Europe/Berlin</subfield>
  </datafield>
</record>